
 @misc{ wiki:Smooth_Function,
   author = "Wikipedia",
   title = "Smooth Function --- {W}ikipedia{,} The Free Encyclopedia",
   year = "2012",
   url = "http://en.wikipedia.org/wiki/Smooth_function",
   note = "[Online; accessed 15-April-2012]"
 }