## This file was automatically generated using ELIB
@misc { ROSURDF,
	author = { Wim Meeussen and John Hsu and Rosen Diankov },
	howpublished = { Wiki },
	title = { Documentation for the ROS Unified Robot Description Format (URDF) },
	year = {  },
	comments = { 0 },
	isPublic = { 0 }
}

